<?xml version="1.0" encoding="UTF-8"?><record xmlns="http://www.loc.gov/MARC21/slim" xmlns:cinclude="http://apache.org/cocoon/include/1.0" xmlns:zs="http://www.loc.gov/zing/srw/">
  <leader>00505nz  a2200133n  4500</leader>
  <controlfield tag="001">no2008043601</controlfield>
  <controlfield tag="003">DLC</controlfield>
  <controlfield tag="005">20080322081059.0</controlfield>
  <controlfield tag="008">080320n| acannaabn          |n aaa     c</controlfield>
  <datafield tag="010" ind1=" " ind2=" ">
    <subfield code="a">no2008043601</subfield>
  </datafield>
  <datafield tag="035" ind1=" " ind2=" ">
    <subfield code="a">(OCoLC)oca07709916</subfield>
  </datafield>
  <datafield tag="040" ind1=" " ind2=" ">
    <subfield code="a">UkCU</subfield>
    <subfield code="b">eng</subfield>
    <subfield code="c">UkCU</subfield>
  </datafield>
  <datafield tag="100" ind1="1" ind2=" ">
    <subfield code="a">Freu, Christel</subfield>
  </datafield>
  <datafield tag="670" ind1=" " ind2=" ">
    <subfield code="a">Les figures du pauvre dans les sources italiennes de l'Antiquite휍혖 tardive, 2007:</subfield>
    <subfield code="b">t.p. (Christel Freu) p. 4 of cover (holds a doctorate in history and is a lecturer in Roman history at the Universite휍혖 de Rouen)</subfield>
  </datafield>
</record>